@book{brandstadt2013graphen,
  title={Graphen und Algorithmen},
  author={Brandst{\"a}dt, Andreas},
  year={2013},
  publisher={Springer-Verlag}
}